@Book{ kerner,
    author  = "Boris S. {Kerner}",
    title   = "The Physics of Traffic: empirical freeway pattern features, engineering applications, and theory",
    publisher   = "Springer cop.",
    year    = 2004,
    address = "Berlin"
}

@Book{ treiber,
    author  = "M. {Treiber} and A. {Kesting}",
    title   = "Traffic flow dynamics: Data, models and simulation",
    publisher   = "Springer cop.",
    year    = 2013,
    address = "Heidelberg; New York"
}

@Book{ helsinki,
    author = "M. {Vartiainen}",
    title = "Helsingin historiaa numeroina kolmelta vuosisadalta: Opas Helsingin seudun aluesarjat -tilastotietokannan pitkien aikasarjojen käyttöön",
    publisher = "Helsingin kaupungin tietokeskus",
    year = 2016,
    address = "Helsinki",
    page = "12"
}

@Incollection{ congestionpricing,
    author = "E. T. {Verhoef} and C. R. {Lindsey}",
    title = "Traffic Congestion and Congestion Pricing",
    booktitle = "Handbook of Transport Systems and Traffic Control",
    chapter = "7",
    pages = "77-105",
    doi = "10.1108/9781615832460-007",
    year = 2001
}
